@article{rathod2020a,
  author = {Rathod, R. and Nayak, D. and Vishwakarma, D. and Luste, K.},
  title = {Interfacing Multi-Digit 7-Segment with 8051 Microcontroller},
  date = {2020},
  language = {en},
  journal = {IJERT},
  url={https://www.irjet.net/archives/V7/i3/IRJET-V7I3997.pdf},
  note   = {[Online]. Available:}
}
@article{choudhary2020a,
  author = {Choudhary, H.},
  title = {Seven segment multiplexing using 8051 microcontroller (AT89C51)- (Part 4/45)"},
  date = {2020},
  note = {[Online]. Available:},
  url = {https://www.engineersgarage.com/8051-microcontroller/seven-segment-multiplexing-using-8051-microcontroller-at89c51-part-4-45/.},
  language = {en},
  journal = {Engineers Garage}
}

@article{instru2020a,
  title = {How to Count From 0 to 99 Using 8051 Microcontroller With 7 Segment Display"},
  date = {2020},
  note = {[Online]. Available:},
  url = {https://www.instructables.com/How-to-Count-From-0-to-99-Using-8051-Microcontroll/.},
  language = {en},
  journal = {Instructables}
}

@article{akanle,
author = {Akanle, Matthew and Oguntosin, Victoria},
year = {2019},
month = {08},
pages = {012139},
title = {A digital indicator system with 7-segment display},
volume = {1299},
journal = {Journal of Physics: Conference Series},
doi = {10.1088/1742-6596/1299/1/012139}
}
