@online{refman,
  url={https://www.ics.uci.edu/~jmoorkan/vhdlref/Synario%20VHDL%20Manual.pdf},
  title = {VHDL Reference Manual},
  note = {[Online]. Available:},
  language = {en},
}

@online{sharma,
  author = {Sharma, D.},
  url={https://www.ee.iitb.ac.in/~smdp/DKStutorials/vhdl-overview.pdf},
  title = {An Introduction to VHDL},
  publisher = {Microelectronics Group, EE Department
IIT Bombay, Mumbai},
  note = {[Online]. Available:},
  language = {en},
}

@online{xilnx,
  url={https://www.xilinx.com/support/documentation/sw_manuals/xilinx13_3/ise_tutorial_ug695.pdf},
  title = {ISE In-Depth Tutorial},
  note = {[Online]. Available:},
  language = {en},
}