@article{buddhacarya-lbef,
  author   = {Buddhacharya, Kishan and Chatterjee, Jyotir Moy},
  title    = {E-Governance in Nepal: The Challenges in the Implementation of the National Identity Card in Nepal},
  language = {en},
  journal  = {LBEF Research Journal of Science Technology and Management},
  note     = {Available Online},
  date     = {2019},
  month    = {12},
  volume   = {1},
  url      = {https://www.lbef.org/journal/1-2/download/1-2-20-40.pdf}
}

@article{gajendra2020,
  author  = {Sharma, Gajendra},
  year    = {2020},
  month   = {06},
  pages   = {41},
  title   = {Digital Governance in Nepal},
  volume  = {12},
  journal = {Journal of Management Research},
  doi     = {10.5296/jmr.v12i3.17061}
}

@article{giri-cloud,
  author   = {Giri, Shailendra},
  title    = {Cloud Computing and Data Security CHALLENGES: A Nepal Case},
  volume   = {67},
  date     = {2019},
  pages    = {146–150 ,},
  doi      = {10.14445/22312803/ijctt-v67i3p128.},
  language = {en},
  journal  = {International Journal of Computer Trends and Technology},
  number   = {3}
}

@article{giri-egov,
  author   = {Giri, Shailendra and Shakya, Subarna},
  title    = {E-Government Use in Nepal: Issues of Database Management and Data Security},
  volume   = {15},
  date     = {2019},
  pages    = {218–224 ,},
  doi      = {10.3126/jie.v15i2.27669},
  language = {en},
  journal  = {Journal of the Institute of Engineering},
  number   = {2}
}

@article{giri-practicing,
  author   = {Giri, Shailendra and Shakya, Subarna},
  title    = {Practicing e-Governance in Nepal: Challenges of Civil Service},
  volume   = {67},
  date     = {2019},
  pages    = {118–123 ,},
  doi      = {10.14445/22312803/ijctt-v67i4p123.},
  language = {en},
  journal  = {International Journal of Computer Trends and Technology},
  number   = {4}
}

@article{maturity,
  author  = {Fath-Allah, Abdoullah and Cheikhi, Laila and Al-Qutaish, Rafa and Idri, Ali},
  year    = {2014},
  month   = {03},
  pages   = {71-91},
  title   = {E-Government Maturity Models: A Comparative Study},
  volume  = {5},
  journal = {International Journal of Software Engineering and Applications},
  doi     = {10.5121/ijsea.2014.5306}
}
