

@online{instruction,
  title  = {8051 Instruction Set Summary},
  url    = {https://data.kemt.fei.tuke.sk/AppliedCryptography/_materialy/MCU/it8051.pdf},
  author = {Matějka,Štěpán},
  note   = {Accessed: 14-09-2020}
}
@online{CforMicro,
  title  = {Exploring C for Microcontrollers},
  url    = {http://ee.sharif.edu/~sakhtar3/books/Exploring%20C%20for%20Microcontrollers.pdf},
  author = {S. Parab, Jiban and G. Shelake,Vinod and K. Kamat,Rajanish  and M. Naik,Gourish},
  note   = {[Available Online], Accessed: 17-09-2020}
}
@article{mackenzie,
  author = {MacKenzie, I.},
  year   = {2009},
  month  = {06},
  pages  = {},
  title  = {The 8051 Microcontroller},
  isbn   = {0137800088},
  doi    = {10.1007/978-1-4419-0606-9_3}
}

@book{javeed,
  author = {Md, Javeed},
  year   = {2019},
  month  = {03},
  pages  = {},
  title  = {EMBEDDED C FOR 8051 MICRO CONTROLLER},
  isbn   = {978-93-5359-284-4}
}

