@article{yang,
author = {Yang, Maosong and Sun, Yongwei and Pan, Xiaodong and Wan, Haojiang and Lu, Xinfu},
year = {2018},
month = {07},
pages = {042126},
title = {Development and Prospect of Twisted Pair Cables},
volume = {170},
journal = {IOP Conference Series: Earth and Environmental Science},
doi = {10.1088/1755-1315/170/4/042126}
}

@misc{coaxial,
  author = {Computing, School},
  title = {Dublin City University. Coaxial Cable},
  url = {https://www.computing.dcu.ie/~humphrys/Notes/Networks/tanenbaum/2-04.jpg.},
  note = {Accessed 27 Sept 2020.},
  language = {en}
}

@misc{twisted,
  title = {The Computer Language Company Inc. Shielded And Unshielded Twisted Pairs},
  url = {https://img.tfd.com/cde/STP.GIF.},
  note = {Accessed 27 Sept 2020.},
  language = {en}
}

@article{optical,
  title = {The Fiber Optic Association, Inc},
  url = {https://www.thefoa.org/tech/ref/basic/ljar-fib.jpg.},
  note = {Accessed 27 Sept 2020.},
  language = {en},
  journal = {Optical Fiber}
}



@misc{cktswitching,
  author = {Weigle, Michele},
  title = {Circuit-Switching Example},
  date = {2003},
  url = {https://www.researchgate.net/profile/Michele_Weigle/publication/34985230/figure/fig1/AS:669546071470086@1536643631853/Circuit-Switching-Example_W640.jpg.},
  note = {Accessed 27 Sept 2020.},
  language = {en}
}

@misc{pktswitching,
  author = {Weigle, Michele},
  title = {Packet-Switching Example},
  date = {2003},
  url = {https://www.researchgate.net/profile/Michele_Weigle/publication/34985230/figure/fig2/AS:669546071474190@1536643631884/Packet-Switching-Example_W640.jpg.},
  note = {Accessed 27 Sept 2020.},
  language = {en}
}
@misc{msgswitching,
  author = {Sharma, Lakshita and Sharma, Himanshu},
  title = {Message Switching Techniques},
  date = {2020},
  url = {https://media.geeksforgeeks.org/wp-content/uploads/Capture-144.png.},
  note = {Accessed 27 Sept 2020.},
  language = {fr}
}

