@online{sharma2020a,
  author = {Sharma, D.},
  url={https://www.ee.iitb.ac.in/course/~dghosh/EE712/8051/Timers.pdf},
  title = {8051 Timers},
  publisher = {I.I.T},
  note = {[Online]. Available:},
  language = {en},
  address = {Mumbai}
}

@online{branislav,
  author = {Vuksanovic, B.},
  url={https://www.8051projects.net/files/public/1252055169_5507_FT25871_l2_timers_and_counters.pdf},
  title = {Programming Timers on 8051},
  publisher = {University of Portsmouth},
  note = {[Online]. Available:},
  language = {en},
}